<record><leader>00000cas a22000007a 4500</leader><controlfield tag="001">13147735</controlfield><controlfield tag="008">860213d18451853nyudn ne      0    0eng d</controlfield><datafield ind1=" " ind2=" " tag="010"><subfield code="a">sn 86053084 </subfield></datafield><datafield ind1=" " ind2=" " tag="040"><subfield code="a">NPX</subfield><subfield code="b">eng</subfield><subfield code="c">NPX</subfield><subfield code="d">NYG</subfield><subfield code="d">NYS</subfield><subfield code="d">OCL</subfield><subfield code="d">OCLCQ</subfield><subfield code="d">OCLCF</subfield><subfield code="d">OCLCO</subfield></datafield><datafield ind1="1" ind2=" " tag="029"><subfield code="a">AU@</subfield><subfield code="b">000020127428</subfield></datafield><datafield ind1=" " ind2=" " tag="042"><subfield code="a">msc</subfield></datafield><datafield ind1=" " ind2=" " tag="043"><subfield code="a">n-us-ny</subfield></datafield><datafield ind1="0" ind2="0" tag="245"><subfield code="a">Syracuse daily star.</subfield></datafield><datafield ind1="1" ind2="3" tag="246"><subfield code="a">Syracuse star</subfield></datafield><datafield ind1=" " ind2=" " tag="260"><subfield code="a">Syracuse [N.Y.] :</subfield><subfield code="b">Tucker &amp; Kinney</subfield></datafield><datafield ind1=" " ind2=" " tag="300"><subfield code="a">v. ;</subfield><subfield code="c">59-63 cm.</subfield></datafield><datafield ind1=" " ind2=" " tag="310"><subfield code="a">Daily (except Sunday)</subfield></datafield><datafield ind1="1" ind2=" " tag="362"><subfield code="a">Began in 1845.</subfield></datafield><datafield ind1="1" ind2=" " tag="362"><subfield code="a">Ceased in 1853.</subfield><subfield code="z">Cf. French, J.H. Gazetteer of the state of N.Y., 1860.</subfield></datafield><datafield ind1=" " ind2=" " tag="500"><subfield code="a">Publishers: Kinney, Marsh &amp; Barns, &lt;1846&gt;; Kinney &amp; Marsh, &lt;1848&gt;; George F. Comstock, &lt;1851&gt;-1852; S. Corning Judd, 1852-1853.</subfield></datafield><datafield ind1=" " ind2=" " tag="500"><subfield code="a">"Whig."</subfield></datafield><datafield ind1=" " ind2=" " tag="500"><subfield code="a">Editors: Winslow M. Watson, &lt;1851&gt;-1852; S. Corning Judd, 1852-1853.</subfield></datafield><datafield ind1=" " ind2=" " tag="588"><subfield code="a">Description based on: Vol. 1, no. 93 (Aug. 26, 1845).</subfield></datafield><datafield ind1=" " ind2="0" tag="651"><subfield code="a">Syracuse (N.Y.)</subfield><subfield code="v">Newspapers.</subfield></datafield><datafield ind1=" " ind2="7" tag="655"><subfield code="a">Newspapers.</subfield><subfield code="2">fast</subfield><subfield code="0">(OCoLC)fst01423814</subfield></datafield><datafield ind1=" " ind2="7" tag="651"><subfield code="a">New York (State)</subfield><subfield code="z">Syracuse.</subfield><subfield code="2">fast</subfield><subfield code="0">(OCoLC)fst01205293</subfield></datafield><datafield ind1=" " ind2=" " tag="752"><subfield code="a">United States</subfield><subfield code="b">New York</subfield><subfield code="c">Onondaga</subfield><subfield code="d">Syracuse.</subfield></datafield><datafield ind1="0" ind2=" " tag="775"><subfield code="t">Syracuse weekly star</subfield><subfield code="w">(DLC)sn 85042884</subfield><subfield code="w">(OCoLC)12951825</subfield></datafield><datafield ind1="0" ind2="0" tag="785"><subfield code="t">Syracuse daily Republican</subfield><subfield code="w">(DLC)sn 91066041</subfield><subfield code="w">(OCoLC)23243924</subfield></datafield></record>